@article{konstantin_barabanov_zafar_jafarov_zafar_jafarov_2024,
  author    = { Konstantin Barabanov Zafar Jafarov Zafar Jafarov },
  doi       = { 10.36962/pahtei42072024-13 },
  journal   = { Proceedings of Azerbaijan High Technical Educational Institution },
  number    = { 07 },
  pages     = { 114-122 },
  publisher = { Aspendos International Academy of Medical and Social Sciences. LTD },
  title     = { Purpose and advantages of chatbots },
  volume    = { 42 },
  year      = { 2024 }
}
@misc{xiao2024cpackpackagedresourcesadvance,
  archiveprefix = {arXiv},
  author        = {Shitao Xiao and Zheng Liu and Peitian Zhang and Niklas Muennighoff and Defu Lian and Jian-Yun Nie},
  eprint        = {2309.07597},
  primaryclass  = {cs.CL},
  title         = {C-Pack: Packaged Resources To Advance General Chinese Embedding},
  url           = {https://arxiv.org/abs/2309.07597},
  year          = {2024}
}